@Book{awr:UCS,
  author =       {A. W. Roscoe},
  title =        {Understanding Concurrent Systems},
  publisher =    {Springer},
  year =         2010}

@InProceedings{fdr3,
  author =       {Thomas Gibson-Robinson and Philip Armstrong and Alexandre
                  Boulgakov and A.W. Roscoe},
  title =        {{FDR3} --- A Modern Refinement Checker for {CSP}},
  booktitle =    {Proceedings of Tools and Algorithms for the Construction and
                  Analysis of Systems (TACAS)},
  year =         2014,
  volume =       8413,
  series =       {LNCS}
}

@InProceedings{gavin:alt,
  author =       {Gavin Lowe},
  title =        {Implementing Generalised Alt --- A Case Study in Validated
                  Design Using {CSP}},
  booktitle =    {Communicating Process Architectures},
  pages =        {1--34},
  year =         2011
}

@InProceedings{welch-martin,
  author =       {Peter Welch and Jeremy Martin},
  title =        {A {CSP} Model for {Java} Multithreading},
  booktitle =    {Proceedings of the International Symposium on Software
                  Engineering for Parallel and Distributed Systems},
  pages =        {114--122},
  publisher = {IEEE},
  year =         2000
}

@InProceedings{hopkins-roscoe,
  author =       {A. W. Roscoe and David Hopkins},
  title =        {{SVA}, a tool for analysing shared-variable programs},
  booktitle = {Proceedings of AVoCS 2007},
  pages =        {177--183},
  year =         2007}

@InCollection{lawrence,
  author =       {Jonathan Lawrence},
  title =        {Practical Applications of {CSP} and {FDR} to Software
                  Design},
  booktitle =    {Communicating Sequential Processes: The First 25 Years},
  publisher =    {Springer},
  year =         2005,
  volume =       3525,
  series =       {Lecture Notes in Computer Science},
  pages =        {151--174}
}

@Article{mota+sampaio,
  author =       {A. Mota and A. Sampaio},
  title =        {Model-Checking {CSP-Z}: Strategy, tool support and
                  industrial application},
  journal =      {Science of Computer Programming},
  year =         2001,
  volume =       40,
  number =       1,
  pages =        {59--96}
}

@InProceedings{gavin:NSFDR,
  author =       {Gavin Lowe},
  title =        {Breaking and Fixing the {Needham-Schroeder} Public-Key
                  Protocol using {FDR}},
  booktitle =    {Proceedings of TACAS},
  series =       {Lecture Notes in Computer Science},
  volume =       1055,
  year =         1996,
  pages =        {147--166},
  publisher =    {Springer Verlag},
  note =         {Also in {\em Software---Concepts and Tools}, 17:93--102, 1996} 
}

@Unpublished{LL:synchronisation,
  author = 	 {Jonathan Lawrence and Gavin Lowe},
  title = 	 {Understanding Synchronisation},
  note = 	 {Draft paper in preparation},
  year = 2025 }


@Article{gavin:OneOne,
  author =	 {Gavin Lowe},
  title =	 {Discovering and correcting a deadlock in a channel
                  implementation},
  journal =	 {Formal Aspects of Computing},
  year =	 2019,
  volume =	 31,
  pages =	 {411-419}
}

@MastersThesis{alex:project,
  author = 	 {Alex Pay},
  title = 	 {Automated Modelling of an Imperative Language using {CSP}},
  school = 	 {University of Oxford},
  year = 	 2023,
  type = 	 {{Master of Computer Science}, final-year project}}


@Book{awr:TPC,
  author = 	 {A. W. Roscoe},
  title = 	 {The Theory and Practice of Concurrency},
  publisher = 	 {Prentice Hall},
  year = 	 1998}

@InProceedings{Wolper-1986,
  author =       {Pierre Wolper},
  title =        {Expressing Interesting Properties of Programs in
                  Propositional Temporal Logic},
  booktitle =    {Thirteenth Annual ACM Symposium on Principles of Programming
                  Languages},
  year =         1986,
  pages =        {184--193}
}
@PhdThesis{ranko-thesis,
  author =	 {Ranko Lazi\'c},
  title =	 {A Semanti Study of Data Independence with Applications to
                  Model Checking},
  school =	 {University of Oxford},
  year =	 1999,
  type =	 {{DPhil} thesis}
}

@TechReport{gavin:di,
  author = 	 {Gavin Lowe},
  title = 	 {On Data Independence},
  institution =  {University of Oxford},
  year = 	 2024,
  note = 	 {\url{https://www.cs.ox.ac.uk/people/gavin.lowe/Papers/dataindependence.pdf}}}


@Article{PC23,
  author =	 {Jan B. Pedersen and Kevin Chalmers},
  title =	 {Towards verifying cooperatively-scheduled runtimes using
                  {CSP}},
  journal =	 {Formal Aspects of Computing},
  year =	 2023,
  volume =	 35,
  number =	 4,
  pages =	 {1--45}
}

@Article{herlihy-wing,
  author =       {M. Herlihy and J. M. Wing},
  title =        {Linearizability: a correctness condition for concurrent
                  objects},
  journal =      {ACM Transactions on Programming Languages and Systems},
  year =         1990,
  volume =       12,
  number =       3,
  pages =        {463--492}}

@Article{apt-kozen,
  author =       {K.~R. Apt and D.~C. Kozen},
  title =        {Limits for automatic verification of finite-state concurrent
                  systems},
  journal =      {Information Processing Letters},
  year =         1986,
  volume =       22,
  number =       6,
  pages =        {307--309}
}

@Article{tomasz-gavin-CA,
  author =       {Tomasz Mazur and Gavin Lowe},
  title =        {{CSP}-based counter abstraction for systems with node
                  identifiers},
  journal =      {Science of Computer Programming},
  year =         2014,
  volume =       81,
  pages =        {3--52}
}

@Article{AHH16,
  author =       {Parosh Abdulla and Fr\'ed\'eric Haziza and Luk\'a\v{s} Hol\'ik},
  title =        {Parameterized verification through view abstraction},
  journal =      {International Journal on Software Tools for Technology Transfer},
  year =         2016,
  volume =       18,
  pages =        {495--516}}


@Article{gavin:VA22,
  author =	 {Gavin Lowe},
  title =	 {Parameterized verification of systems with component
                  identities, using view abstraction},
  journal =	 {Software Tools for Technology Transfer},
  year =	 2022,
  volume =	 24,
  number =	 2
}
@Article{sistla-german92,
  author =       {Steven M. German and A. Prasad Sistla},
  title =        {Reasoning about systems with many processes},
  journal =      {Journal of the ACM},
  year =         1992,
  volume =       39,
  number =       3,
  pages =        {675-735}}

@InProceedings{EN1995,
  author =       {E. Allen Emerson and Kedar S. Namjoshi},
  title =        {Reasoning about Rings},
  booktitle =    {Proceedings of the Symposium on Principles of Programming
                  Languages (POPL~'95)},
  year =         1995
}
@InProceedings{wolper-lovinfosse89,
  author =       {P. Wolper and V. Lovinfosse},
  title =        {Verifying properties of large sets of processes with network
                  invariants},
  booktitle =    {Automatic Verification Methods for Finite State Systems},
  year =         1989,
  volume =       407,
  series =       {LNCS},
  pages =        {68--80}
}
@Article{Lubachevsky:1984,
  author =       {B.~Lubachevsky},
  title =        {An approach to automating the verification of compact
                  parallel coordination programs},
  journal =      {Acta Informatica},
  year =         1984,
  volume =       21,
  number =       2,
  pages =        {125--169}
}

@InProceedings{Clarke:1987,
  author =       {E.~M. Clarke and O.~Grumberg},
  title =        {Avoiding the state explosion problem in temporal logic model
                  checking},
  booktitle =    {Proceedings of the 6th Annual Association for Computing
                  Machinery Symposium on Principles of Distributed Computing},
  year =         1987,
  pages =        {294--303}
}

@InProceedings{Pnueli:2002,
  author =       {A.~Pnueli and J.~Xu and L.~D. Zuck},
  title =        {Liveness with (0, 1, $\infty$)-counter abstraction},
  booktitle =    {CAV'02: Proceedings of the 14th International Conference on
                  Computer Aided Verification},
  year =         2002,
  pages =        {107--122}
}
@Book{Herlihy-Shavit,
  author = 	 {Maurice Herlihy and Nir Shavit},
  title = 	 {The Art of Multiprocessor Programming},
  publisher = 	 {Morgan Kaufmann},
  year = 	 2012}

@InCollection{gavin:lock-free-queue,
  author =	 {Gavin Lowe},
  title =	 {Analysing lock-free linearizable datatypes using {CSP}},
  booktitle =	 {Concurrency, Security, and Puzzles},
  publisher =	 {Springer},
  year =	 2017,
  editor =	 {Thomas Gibson-Robinson and Philippa Hopcroft and Ranko
                  Lazi\'c},
  volume =	 10160,
  series =	 {LNCS},
  pages =	 {162--184}
}

@InProceedings{DlP:opacity,
  author = 	 {Brijesh Dongol and Jay Le-Papin},
  title = 	 {Checking Opacity and Durable Opacity with {FDR}},
  booktitle = {Proceedings of SEFM 2021},
  year = 	 2021,
  volume = 	 13085,
  series = 	 {LNCS},
  pages = 	 {222--242},
  publisher = {Springer}}

@Article{jones-83,
  author =	 {Cliff Jones},
  title =	 {Tentative Steps Towards a Development Method for Interfering
                  Programs},
  journal =	 {ACM Transations on Programming Languages and Systems},
  year =	 1983,
  volume =	 5,
  number =	 4,
  pages =	 {596--619}
}

@Article{misra-chandy-81,
  author = 	 {Jayadev Misra and K. Mani Chandy},
  title = 	 {Proofs of Networks of Processes},
  journal = 	 {Transations on Software Engineering},
  year = 	 1981,
  volume = 	 7,
  number = 	 4,
  pages = 	 {417--426}}

@Article{PJ-91,
  author =	 {Paritosh Pandya and Mathai Joseph},
  title =	 {{P-A} Logic --- a compositional proof system for distributed
                  programs},
  journal =	 {Distributed Computing},
  year =	 1991,
  volume =	 5,
  pages =	 {37--54}
}

@Book{andrews,
  author =       {Gregory Andrews},
  title =        {Concurrent Programming: Principles and Practice},
  publisher =    {Benjamin/Cummings},
  year =         1991}

@InProceedings{jcsp-poison,
  author = 	 {Bernhard H.C. Sputh and Alastair R. Allen},
  title = 	 {{JCSP}-Poison: Safe Termination of {CSP} Process Networks},
  booktitle = {Communicating Process Architectures},
  year = 	 2005}

@TechReport{TR,
  author = 	 {Gavin Lowe},
  title = 	 {Analysing a Library of Concurrency Primitives using{CSP}},
  institution =  {University of Oxford},
  year = 	 2025,
  note = 	 {available via
                  \url{https://www.cs.ox.ac.uk/people/gavin.lowe/SCL-CSP.html}}}

@InProceedings{CSO,
  author = 	 {Bernard Sufrin},
  title = 	 {{Communicating Scala Objects}},
  booktitle = {Proceedings of Concurrent Process Architectures},
  year = 	 2008}



@Misc{JCSP,
  author = 	 {P.H. Welch and P.D. Austin},
  title = 	 {{JCSP} home page},
  howpublished = {\url{http://www.cs.ukc.ac.uk/projects/ofa/jcsp/}},
  year = 	 2014}


@InProceedings{welch-martin-cpa,
  author =	 {Peter Welch and Jeremy Martin},
  title =	 {Formal Analysis of Concurrent {Java} Systems},
  booktitle = {Proceedings of Communicating Process Architecture},
  year =	 2000} 